<record><leader>00000cas a22000007a 4500</leader><controlfield tag="001">37212031</controlfield><controlfield tag="008">970627d19261967tnuwr ne      0    0eng d</controlfield><datafield ind1=" " ind2=" " tag="010"><subfield code="a">sn 97065117 </subfield></datafield><datafield ind1=" " ind2=" " tag="040"><subfield code="a">TGN</subfield><subfield code="b">eng</subfield><subfield code="c">TGN</subfield><subfield code="d">OCLCQ</subfield><subfield code="d">OCLCF</subfield><subfield code="d">OCLCO</subfield></datafield><datafield ind1="1" ind2=" " tag="029"><subfield code="a">AU@</subfield><subfield code="b">000013335522</subfield></datafield><datafield ind1=" " ind2=" " tag="042"><subfield code="a">msc</subfield></datafield><datafield ind1=" " ind2=" " tag="043"><subfield code="a">n-us-tn</subfield></datafield><datafield ind1="0" ind2=" " tag="130"><subfield code="a">Winchester chronicle (Winchester, Tenn)</subfield></datafield><datafield ind1="1" ind2="0" tag="245"><subfield code="a">Winchester chronicle.</subfield></datafield><datafield ind1=" " ind2=" " tag="260"><subfield code="a">Winchester, Tenn. :</subfield><subfield code="b">Chronicle Pub. Co.,</subfield><subfield code="c">-1967.</subfield></datafield><datafield ind1=" " ind2=" " tag="300"><subfield code="a">v.</subfield></datafield><datafield ind1=" " ind2=" " tag="310"><subfield code="a">Weekly</subfield></datafield><datafield ind1="1" ind2=" " tag="362"><subfield code="a">Began with vol. 1, no. 1 (Aug. 5, 1926 issue).</subfield></datafield><datafield ind1="0" ind2=" " tag="362"><subfield code="a">-v. 41, no. 50 (May 25, 1967).</subfield></datafield><datafield ind1=" " ind2=" " tag="580"><subfield code="a">Merged with Winchester herald-times, to form: Herald-chronicle (Winchester, Tenn.).</subfield></datafield><datafield ind1=" " ind2=" " tag="588"><subfield code="a">Description based on: Vol. 1, no. 2 (Aug. 12, 1926).</subfield></datafield><datafield ind1=" " ind2="0" tag="651"><subfield code="a">Winchester (Tenn.)</subfield><subfield code="v">Newspapers.</subfield></datafield><datafield ind1=" " ind2="0" tag="651"><subfield code="a">Franklin County (Tenn.)</subfield><subfield code="v">Newspapers.</subfield></datafield><datafield ind1=" " ind2="7" tag="655"><subfield code="a">Newspapers.</subfield><subfield code="2">fast</subfield><subfield code="0">(OCoLC)fst01423814</subfield></datafield><datafield ind1=" " ind2="7" tag="651"><subfield code="a">Tennessee</subfield><subfield code="z">Franklin County.</subfield><subfield code="2">fast</subfield><subfield code="0">(OCoLC)fst01207052</subfield></datafield><datafield ind1=" " ind2="7" tag="651"><subfield code="a">Tennessee</subfield><subfield code="z">Winchester.</subfield><subfield code="2">fast</subfield><subfield code="0">(OCoLC)fst01227053</subfield></datafield><datafield ind1=" " ind2=" " tag="752"><subfield code="a">United States</subfield><subfield code="b">Tennessee</subfield><subfield code="c">Franklin</subfield><subfield code="d">Winchester.</subfield></datafield><datafield ind1="1" ind2="7" tag="785"><subfield code="t">Winchester herald-times</subfield><subfield code="w">(DLC)sn 89058360</subfield></datafield><datafield ind1="1" ind2="7" tag="785"><subfield code="t">Herald-chronicle (Winchester, Tenn.)</subfield><subfield code="w">(DLC)sn 87008339</subfield></datafield></record>